@unpublished{1,
author = {Our Team},
month = {May},
note = {SwimStrongDryland, 20 [Online]. Available: [Accessed 18 October 2021]},
title = {The Necessity of Dryland Training},
year = {2018},
url = {https://swimstrongdryland.com/the-necessity-of-dryland-training/},
}

@article{2,
author = {Pure Hockey},
journal = {Pure Hockey},
month = {April},
title = {Hockey Dryland Training},
volume = {6},
year = {2018},
url = {https://www.purehockey.com/c/hockey-dryland-training#:~:text=In%20the%20off%20season%2C%20dryland,that%20it%20works%20against%20yo},
}

@unpublished{3,
author = {Arduino},
month = {March},
title = {Arduino Uno WIFI REV2},
year = {2021},
url = {https://store-usa.arduino.cc/products/arduino-uno-wifi-rev2},
}
@unpublished{4,
author = {ThingSpeak},

title = {Learn more about ThingSpeak},

url = {https://thingspeak.com/pages/learn_more.},
}
@article{5,
author = {R. Goudreault},
journal = {National Library of Canada Acquisitions and Bibliographical Services},
month = {February},
title = {Forward skating in ice hockey: comparison of EMG activation patterns of at three velocities using a skate treadmill., Feb-2002. [Online]},
year = {2002},
url = {https://central.bac-lac.gc.ca/.item?id=TC-QMM-33897&op=pdf&app=Library&oclc_number=898193731},
}

@article{6,
author = {I. C. BlueBolt},
month = {April},
title = {“Muscles used for skating - the skating anatomy,” HockeyShot Inc., 09-Apr-2014. [Online]},
year = {2014},
url = {https://www.hockeyshot.com/blogs/news/muscles-used-for-skating-the-skating-anatomy},
}

@unpublished{7,
author = {TeachMeAnatomy},
month = {July},
title = {Muscles of the lower limb},
year = {2013},
url = {https://teachmeanatomy.info/lower-limb/muscles/},
}

@unpublished{8,
author = {DigiKey},
title = {Sen-13723},
url = {https://www.digikey.ca/en/products/detail/sparkfun-electronics/SEN-13723/5973980},
}

@unpublished{9,
author = {Elementz},
month = {March},
title = {MPU6050 MPU-6050 GY-521 3 Axis Analog Gyro Sensor + 3 axis accelerometer module},
year = {2018},
url = {https://www.elementzonline.com/mpu6050-gy-521-3-axis-analog-gyro-sensors-accelerometer-module},
}

@unpublished{10,
author = {Newark},
title = {Picoscope 2204A-D2 - PC USB oscilloscope, digital triggering, picoscope 2000 series, 2 channel, 10 MHz, 100 msps, 8 kpts},
url = {https://canada.newark.com/pico-technology/picoscope-2204a-d2/oscilloscope-usb-2-ch-10mhz-100msps/dp/78X4278},
}

@article{11,
author = {N. Brown and N. Brown and J. Anderson and J. Anderson},
journal = {General Assembly Blog},
month = {April},
title = {How is python used in Data Science?},
year = {2021},
url = {https://generalassemb.ly/blog/how-is-python-used-in-data-science/},
}
