@unpublished{1,
title={Leg muscles anatomy, Function \& diagram },
url={https://www.healthline.com/human-body-maps/leg-muscles#1}, journal={Healthline}, 
publisher={Healthline Media}, 
author={Healthline Editorial Team}, 
year={2018}, 
month={Jan}
}
   
@unpublished{2,
title={Muscles used in skating},
url={http://www.poweringathletics.com/powerskaterhomepage/muscles/}, 
journal={Powering Athletics}, 
author={N.A.}, 
year={2017}, 
month={Feb}
} 

@unpublished{3, 
title={Clipart},
url={http://www.clipartsuggest.com/16-images-for-leg-muscle-reference-leg-muscle-reference-6pcpZM-clipart/}, 
journal={16 Images For Leg Muscle Reference Leg Muscle Reference #6pcpZM - Clipart Suggest}, 
author={N.A.}, 
year={N.D.}
} 
 @unpublished{4, 
 title={Ice hockey rink diagram}, url={https://www.conceptdraw.com/How-To-Guide/ice-hockey-rink-diagram}, 
 journal={ConceptDraw Solutions}, 
 author={N.A.}, 
 year={N.D.}
 }
 
@unpublished{5, 
author = {N.A.},
title={Muscles of the Upper Limb},
url={https://courses.lumenlearning.com/boundless-ap/chapter/muscles-of-the-upper-limb/}, 
journal={Lumen Boundless anatomy and physiology}, 
year={N.D.}
} 

@unpublished{6, 
author = {Hossein Khalighi}, 
title={Full body muscle diagram for professional massage charting: Illustration or graphics contest},
url={https://99designs.ca/illustrations/contests/full-body-muscle-diagram-professional-massage-charting-210701},
journal={99designs by Vista}, 
}

@unpublished{7, 
author = {Ron Johnson},
title={Muscles and their involvement in hockey}, url={http://www.hockeyschoolonline.com/physiology.htm}, journal={HockeySchoolOnline}, 
year={1996}
}  

